@INPROCEEDINGS{1666583,
	author={R. {Mukul} and P. {Singh} and D. {Jayaram} and D. {Das} and N. {Sreenivasulu} and K. {Vinay} and A. {Ramamoorthy}},
	booktitle={2006 IFIP International Conference on Wireless and Optical Communications Networks}, 
	title={An adaptive bandwidth request mechanism for QoS enhancement in WiMax real time communication}, 
	year={2006},
	volume={},
	number={},
	pages={5 pp.-5},}